%% This BibTeX bibliography file was created using BibDesk.
%% http://bibdesk.sourceforge.net/

%% Created for Puetz, Benno at 2019-10-27 21:53:58 +0100 


%% Saved with string encoding Unicode (UTF-8) 



@article{Hopkins1953,
	Author = {Harold Horace Hopkins},
	Date-Added = {2019-10-27 21:49:59 +0100},
	Date-Modified = {2019-10-27 21:53:55 +0100},
	Doi = {https://doi.org/10.1098/rspa.1953.0071},
	Journal = {Proc. Royal Society A},
	Month = {May},
	Number = {1130},
	Pages = {408-432},
	Title = {On the diffraction theory of optical images},
	Volume = {217},
	Year = {1953},
	Bdsk-File-1 = {YnBsaXN0MDDSAQIDBFxyZWxhdGl2ZVBhdGhZYWxpYXNEYXRhXxAlLi4vLi4vLi4vRG93bmxvYWRzL3JzcGEuMTk1My4wMDcxLnBkZk8RAVAAAAAAAVAAAgAACUFwcGxlIFNTRAAAAAAAAAAAAAAAAAAAAAAAAAAAAABCRAAB/////xJyc3BhLjE5NTMuMDA3MS5wZGYAAAAAAAAAAAAAAAAAAAAAAAAAAAAAAAAAAAAAAAAAAAAAAAAAAAAAAAAAAAD/////AAAAAAAAAAAAAAAAAAMAAgAACiBjdQAAAAAAAAAAAAAAAAAJRG93bmxvYWRzAAACACovOlVzZXJzOnB1ZXR6OkRvd25sb2Fkczpyc3BhLjE5NTMuMDA3MS5wZGYADgAmABIAcgBzAHAAYQAuADEAOQA1ADMALgAwADAANwAxAC4AcABkAGYADwAUAAkAQQBwAHAAbABlACAAUwBTAEQAEgAoVXNlcnMvcHVldHovRG93bmxvYWRzL3JzcGEuMTk1My4wMDcxLnBkZgATAAEvAAAVAAIADP//AAAACAANABoAJABMAAAAAAAAAgEAAAAAAAAABQAAAAAAAAAAAAAAAAAAAaA=}}

@article{Hopkins1955,
	Author = {Harold Horace Hopkins},
	Date-Added = {2019-10-27 21:21:37 +0100},
	Date-Modified = {2019-10-27 21:53:58 +0100},
	Doi = {https://doi.org/10.1098/rspa.1955.0158},
	Journal = {Proc. Royal Society A},
	Month = {Jul},
	Number = {1184},
	Pages = {91-103},
	Title = {The frequency response of a defocused optical system},
	Volume = {231},
	Year = {1955},
	Bdsk-File-1 = {YnBsaXN0MDDSAQIDBFxyZWxhdGl2ZVBhdGhZYWxpYXNEYXRhXxAlLi4vLi4vLi4vRG93bmxvYWRzL3JzcGEuMTk1NS4wMTU4LnBkZk8RAVAAAAAAAVAAAgAACUFwcGxlIFNTRAAAAAAAAAAAAAAAAAAAAAAAAAAAAABCRAAB/////xJyc3BhLjE5NTUuMDE1OC5wZGYAAAAAAAAAAAAAAAAAAAAAAAAAAAAAAAAAAAAAAAAAAAAAAAAAAAAAAAAAAAD/////AAAAAAAAAAAAAAAAAAMAAgAACiBjdQAAAAAAAAAAAAAAAAAJRG93bmxvYWRzAAACACovOlVzZXJzOnB1ZXR6OkRvd25sb2Fkczpyc3BhLjE5NTUuMDE1OC5wZGYADgAmABIAcgBzAHAAYQAuADEAOQA1ADUALgAwADEANQA4AC4AcABkAGYADwAUAAkAQQBwAHAAbABlACAAUwBTAEQAEgAoVXNlcnMvcHVldHovRG93bmxvYWRzL3JzcGEuMTk1NS4wMTU4LnBkZgATAAEvAAAVAAIADP//AAAACAANABoAJABMAAAAAAAAAgEAAAAAAAAABQAAAAAAAAAAAAAAAAAAAaA=}}

@webpage{DOFdepth,
	Date-Added = {2019-10-23 19:02:03 +0200},
	Date-Modified = {2019-10-24 10:38:24 +0200},
	Lastchecked = {2019-10-22},
	Month = {Jul},
	Title = {Depth of Field in depth},
	Url = {https://www.largeformatphotography.info/articles/DoFinDepth.pdf},
	Year = {2018},
	Bdsk-File-1 = {YnBsaXN0MDDSAQIDBFxyZWxhdGl2ZVBhdGhZYWxpYXNEYXRhXxAhLi4vLi4vLi4vRG93bmxvYWRzL0RvRmluRGVwdGgucGRmTxEBQAAAAAABQAACAAAJQXBwbGUgU1NEAAAAAAAAAAAAAAAAAAAAAAAAAAAAAEJEAAH/////DkRvRmluRGVwdGgucGRmAAAAAAAAAAAAAAAAAAAAAAAAAAAAAAAAAAAAAAAAAAAAAAAAAAAAAAAAAAAAAAAAAP////8AAAAAAAAAAAAAAAAAAwACAAAKIGN1AAAAAAAAAAAAAAAAAAlEb3dubG9hZHMAAAIAJi86VXNlcnM6cHVldHo6RG93bmxvYWRzOkRvRmluRGVwdGgucGRmAA4AHgAOAEQAbwBGAGkAbgBEAGUAcAB0AGgALgBwAGQAZgAPABQACQBBAHAAcABsAGUAIABTAFMARAASACRVc2Vycy9wdWV0ei9Eb3dubG9hZHMvRG9GaW5EZXB0aC5wZGYAEwABLwAAFQACAAz//wAAAAgADQAaACQASAAAAAAAAAIBAAAAAAAAAAUAAAAAAAAAAAAAAAAAAAGM}}

@webpage{wikicoc,
	Date-Added = {2019-10-23 18:54:58 +0200},
	Date-Modified = {2019-10-23 19:00:45 +0200},
	Lastchecked = {2019-10-22},
	Month = {Sep},
	Url = {https://en.wikipedia.org/wiki/Circle_of_confusion},
	Year = {2019},
	Bdsk-Url-1 = {https://en.wikipedia.org/wiki/Circle_of_confusion}}

@electronic{IntroToDOF,
	Author = {Jeff Conrad},
	Date-Modified = {2019-10-23 14:23:57 +0200},
	Read = {1},
	Title = {An Introduction to Depth of Field},
	Url = {https://www.largeformatphotography.info/articles/IntroToDoF.pdf},
	Urldate = {2019-10-22},
	Year = 2006,
	Bdsk-Url-1 = {https://www.largeformatphotography.info/articles/IntroToDoF.pdf}}

@webpage{sensorsize,
	Author = {Tom Dempsey},
	Date-Modified = {2019-10-23 14:23:43 +0200},
	Lastchecked = {2019-10-22},
	Month = {Oct},
	Read = {1},
	Title = {Compare digital camera sensor sizes: 1''-Type, 4/3, {APS-C}, full frame 35\,mm},
	Url = {http://photoseek.com/2013/compare-digital-camera-sensor-sizes-full-frame-35mm-aps-c-micro-four-thirds-1-inch-type},
	Urldate = {2019-10-01},
	Year = 2013,
	Bdsk-Url-1 = {http://photoseek.com/2013/compare-digital-camera-sensor-sizes-full-frame-35mm-aps-c-micro-four-thirds-1-inch-type}}
